% This file was created with JabRef 2.10.
% Encoding: UTF-8


@Article{Glavic2019,
  Title                    = {Deep reinforcement learning for electric power system control and related problems: A short review and perspectives},
  Author                   = {M. Glavic},
  Journal                  = {Annual reviews in control},
  Year                     = {2019},

  Owner                    = {shane},
  Timestamp                = {2020.02.29}
}

@Book{Glover2012,
  Title                    = {Power system analysis and design},
  Author                   = {J. D. Glover and S. S. Mulukutla and T. J. Overbye},
  Publisher                = {Cengage Learning},
  Year                     = {2012},
  Edition                  = {5th Edition},

  Owner                    = {shane},
  Timestamp                = {2020.02.29}
}

@Book{Grainger1994,
  Title                    = {Power System Analysis},
  Author                   = {J. J. Grainger and W. D. Stevenson},
  Publisher                = {McGraw Hill},
  Year                     = {1994},

  Owner                    = {shane},
  Timestamp                = {2020.02.29}
}

@Book{Kothari2011,
  Title                    = {Modern Power System Analysis},
  Author                   = {D. P. Kothari and I. J. Nagrath},
  Publisher                = {McGraw Hill India},
  Year                     = {2011},
  Edition                  = {4th Edition},

  Owner                    = {shane},
  Timestamp                = {2020.02.29}
}

@Book{Ogat2010,
  Title                    = {Modern Control Engineering},
  Author                   = {K. Ogata},
  Editor                   = {Test},
  Publisher                = {Pearson},
  Year                     = {2010},
  Edition                  = {5th Edition},

  Owner                    = {shane},
  Timestamp                = {2020.02.29}
}

@Book{Sen2014,
  Title                    = {Principles of Electric Machines and Power Electronics},
  Author                   = {P. C. Sen},
  Publisher                = {Wiley},
  Year                     = {2014},
  Edition                  = {3rd Edition},

  Owner                    = {shane},
  Timestamp                = {2020.02.29}
}

@Book{Sutton2018,
  Title                    = {Reinforcement Learning},
  Author                   = {R. S. Sutton and A. G. Barto},
  Editor                   = {MIT Press},
  Year                     = {2018},

  Owner                    = {shane},
  Timestamp                = {2020.02.29}
}

@Book{Wood2013,
  Title                    = {Power generation, operation, and control},
  Author                   = {A. J. Wood and B.F. Wollenberg and G.B. Shelbe},
  Publisher                = {Wiley},
  Year                     = {2013},
  Edition                  = {3rd Edition},

  Owner                    = {shane},
  Timestamp                = {2020.02.29}
}

@Electronic{AEMOancilliaryserv,
  Title                    = {Ancilliary Services},

  Address                  = {\url{https://aemo.com.au/en/energy-systems/electricity/wholesale-electricity-market-wem/system-operations/ancillary-services}},
  HowPublished             = {\url{https://aemo.com.au/en/energy-systems/electricity/wholesale-electricity-market-wem/system-operations/ancillary-services}},
  Organization             = {Australian Energy Market Operator},
  Url                      = {https://aemo.com.au/en/energy-systems/electricity/wholesale-electricity-market-wem/system-operations/ancillary-services},
  Year                     = {2020},

  Owner                    = {shane},
  Timestamp                = {2020.02.29}
}

@Electronic{Diser2020,
  Title                    = {Electricity Generation},

  Address                  = {\url{https://www.energy.gov.au/data/electricity-generation}},
  HowPublished             = {\url{https://www.energy.gov.au/data/electricity-generation}},
  Organization             = {Department of industry science energy and resources},
  Url                      = {https://www.energy.gov.au/data/electricity-generation},
  Year                     = {2020},

  Owner                    = {shane},
  Timestamp                = {2020.02.29}
}

@TechReport{Aemosaenergyrep,
  Title                    = {South Australian Electricity Report},
  Institution              = {Australian Energy Market Operator},
  Year                     = {2019},
  Month                    = {11},

  Owner                    = {shane},
  Timestamp                = {2020.02.29},
  Url                      = {https://www.aemo.com.au/-/media/Files/Electricity/NEM/Planning_and_Forecasting/SA_Advisory/2019/2019-South-Australian-Electricity-Report.pdf}
}

@TechReport{AEMOpowerfreqriskrev,
  Title                    = {Power system frequency risk review - final report},
  Institution              = {Australian Energy Market Operator},
  Year                     = {2018},
  Month                    = {4},

  Owner                    = {shane},
  Timestamp                = {2020.02.29},
  Url                      = {https://aemo.com.au/-/media/files/electricity/nem/planning_and_forecasting/psfrr/2018_power_system_frequency_risk_review-final_report.pdf?la=en&hash=1684259023A1FA274D7F3B8CE855D0BA}
}

@Manual{Pwc2013,
  Title                    = {Network technical code and network planning criteria},
  Organization             = {Power and Water Corporation},
  Year                     = {2013},

  Owner                    = {shane},
  Timestamp                = {2020.02.29},
  Url                      = {https://www.powerwater.com.au/__data/assets/pdf_file/0022/5962/Power-and-Water-Corporation-Network-Technical-Code-and-Network-Planning-Criteria.pdf}
}

@TechReport{AEMOfreqdev,
  Title                    = {Power System Frequency and Time Deviation Monitoring},
  Institution              = {Australian Energy Market Operator},
  Year                     = {2012},
  Month                    = {7},

  Owner                    = {shane},
  Timestamp                = {2020.02.29},
  Url                      = {https://www.aemo.com.au/-/media/archive/files/other/reports/frequency/2011/august-2011-freq-report.pdf}
}

