@article{Glavic2019,
  Author    = {Glavic, M.},
  Title     = {({D}eep) {R}einforcement learning for electric power system control and related problems: {A} short review and perspectives},
  Year      = {2019},
  Journal   = {Annual Reviews in Control},
  doi       = {doi.org/10.1016/j.arcontrol.2019.09.008}
}

@book{Wood2013,
  author    = {Wood, A. J. and Wollenberg, B. F. and Sheble, G. B.}, 
  title     = {Power generation, operation, and control},
  publisher = {Wiley},
  year      = 2013,
  edition   = 3,
  isbn      = {978-0-471-79055-6}
}